#FLAGGA 0
#PROGRAM "SIE Studio fixture" 0.1
#FORMAT PC8
#GEN 20260705
#SIETYP 4
#FNAMN "Demo Skogsbruk AB"
#ORGNR 999999-9999
#RAR 0 20260101 20261231
#KPTYP EUBAS97
#VALUTA SEK
#KONTO 1930 "Företagskonto"
#KONTO 6390 "Skogsvćrd och övriga kostnader"
#VER A 1 20260215 "Reparation traktor"
{
#TRANS 1930 {} -1000.00
#TRANS 6390 {} 900.00
}
